@article{knuth84,
  author = {Knuth, Donald E.},
  title = {Literate Programming},
  year = {1984},
  issue_date = {May 1984},
  publisher = {Oxford University Press, Inc.},
  address = {USA},
  volume = {27},
  number = {2},
  issn = {0010-4620},
  url = {https://doi.org/10.1093/comjnl/27.2.97},
  doi = {10.1093/comjnl/27.2.97},
  journal = {Comput. J.},
  month = may,
  pages = {97–111},
  numpages = {15}
}



@book{fend2008,
	title = {Schule gestalten. Systemsteuerung, Schulentwicklung und Unterrichtsqualität. 1. Aufl.},
	author = {Fend, Helmut},
	year = {2008},
	date = {2008},
	publisher = {VS Verl. für Sozialwissenschaften},
	series = {Lehrbuch},
	note = {Type: online; gedruckt
Citation Key: fend2008},
	address = {Wiesbaden}
}

@book{helmke2022,
	title = {Unterrichtsqualität und Professionalisierung: Diagnostik von Lehr-Lern-Prozessen und evidenzbasierte Unterrichtsentwicklung},
	author = {Helmke, Andreas},
	year = {2022},
	date = {2022},
	publisher = {Klett Kallmeyer},
	note = {Citation Key: helmke2022},
	address = {Hannover},
	langid = {ger}
}

@inbook{holtappels2007,
	title = {Schulentwicklungsprozesse und Change Management. Innovationstheoretische Reflexionen und Forschungsbefunde über Steuergruppen.},
	author = {Holtappels, Heinz G.},
	editor = {Berkemeyer, Nils},
	year = {2007},
	date = {2007},
	publisher = {Juventa},
	pages = {11--39},
	series = {Veröffentlichungen des Instituts für Schulentwicklungsforschung},
	note = {Type: gedruckt
Citation Key: holtappels2007},
	address = {Weinheim u.a.}
}

@inbook{bruegelmann2018,
	title = {Unterrichts- und Schulentwicklung in Communities of Practice},
	author = {{Brügelmann}, Hans},
	editor = {Barz, Heiner},
	year = {2018},
	date = {2018},
	publisher = {Springer Fachmedien},
	pages = {479--484},
	doi = {10.1007/978-3-658-07491-3_44},
	url = {https://doi.org/10.1007/978-3-658-07491-3_44},
	note = {DOI: 10.1007/978-3-658-07491-3{\_}44
Citation Key: bruegelmann2018},
	address = {Wiesbaden},
	langid = {de}
}

@inbook{bauer1978,
	title = {Vorarbeiten zu einer Theorie der Schulentwicklung},
	author = {Bauer, K.-O. and Rolff, H.-G.},
	editor = {Bauer, K.-O. and Rolff, H.-G.},
	year = {1978},
	date = {1978},
	publisher = {Beltz},
	pages = {219--263},
	note = {Citation Key: bauer1978},
	address = {Weinheim und Basel}
}



@article{altrichter,
	title = {Educational governance},
	author = {Altrichter, H and Clement, U and Heinrich, M and Langer, R and Merki, K Maag and Wissinger, J},
	note = {ISBN: 9783531178493}
}



@inbook{bohl2020,
	title = {Theorien der Schulentwicklung},
	author = {Bohl, Thorsten},
	editor = {Harant, Martin and Thomas, Philipp and {Küchler}, Uwe},
	year = {2020},
	date = {2020},
	publisher = {Tübingen University Press},
	pages = {97--109},
	series = {Schriftenreihe der Tübingen School of Education},
	number = {Band 01},
	doi = {10.15496/publikation-45627},
	note = {DOI: 10.15496/publikation-45627
Citation Key: bohl2020},
	address = {Tübingen},
	langid = {ger}
}

@article{altrichter2006,
	title = {Datenbasierte Schulentwicklung. Editorial.},
	author = {Altrichter, H and Rolff, H.-G.},
	year = {2006},
	date = {2006},
	journal = {Journal für Schulentwicklung},
	pages = {4--6},
	volume = {10},
	number = {4},
	note = {Citation Key: altrichter2006}
}

@article{bauer2012,
	title = {European teacher training reforms},
	author = {Bauer, Johannes and Prenzel, Manfred},
	year = {2012},
	date = {2012},
	journal = {Science},
	pages = {1642--1643},
	volume = {336},
	number = {6089},
	doi = {10.1126/science.1218387},
	note = {PMID: 22745406}
}

@article{pellegrini2021,
	title = {Evidence-Based Policies in Education: Initiatives and Challenges in Europe},
	author = {Pellegrini, Marta and Vivanet, Giuliano},
	year = {2021},
	month = {03},
	date = {2021-03},
	journal = {ECNU Review of Education},
	pages = {25{\textendash}45},
	volume = {4},
	number = {1},
	doi = {10.1177/2096531120924670},
	url = {http://journals.sagepub.com/doi/10.1177/2096531120924670},
	note = {Citation Key: pellegrini2021}
}


@article{eurlex2024,
	title = {Council conclusions on promoting evidence-informed policy and practice in education and training to achieve the European Education Area},
	author = {Council of the European Union, },
	year = {2024},
	date = {2024},
	url = {https://eur-lex.europa.eu/legal-content/EN/TXT/PDF/?uri=OJ:C_202403642},
	note = {Citation Key: eurlex2024}
}

@techreport{aero2023,
	title = {Evidence-based teaching practices},
	author = {AERO, },
	year = {2023},
	date = {2023},
	note = {Citation Key: aero2023}
}

@book{abel2010,
	title = {Wirkt Lehrerbildung? Antworten aus der empirischen Forschung},
	author = {Abel, {Jürgen}},
	year = {2010},
	date = {2010},
	publisher = {Waxmann},
	address = {Münster [u.a.]}
}

@article{abele-brehm2019,
	title = {Attitudes toward open science and public data sharing: A survey among members of the German Psychological Society},
	author = {Abele-Brehm, Andrea E. and Gollwitzer, Mario and Steinberg, Ulf and {Schönbrodt}, Felix D.},
	year = {2019},
	month = {07},
	date = {2019-07},
	journal = {Social Psychology},
	pages = {252--260},
	volume = {50},
	number = {4},
	doi = {10.1027/1864-9335/a000384},
	url = {https://econtent.hogrefe.com/doi/10.1027/1864-9335/a000384},
	langid = {en}
}

@article{slavin2020,
	title = {How evidence-based reform will transform research and practice in education},
	author = {Slavin, Robert E.},
	year = {2020},
	month = {01},
	date = {2020-01-02},
	journal = {Educational Psychologist},
	pages = {21--31},
	volume = {55},
	number = {1},
	doi = {10.1080/00461520.2019.1611432},
	url = {https://www.tandfonline.com/doi/full/10.1080/00461520.2019.1611432},
	note = {Citation Key: slavin2020},
	langid = {en}
}

@book{kluge2011,
	title = {Etymologisches Wörterbuch der deutschen Sprache},
	author = {Kluge, F},
	year = {2011},
	date = {2011},
	publisher = {De Gruyter},
	edition = {25},
	address = {Berlin}
}

@book{hau2012,
	title = {PONS Wörterbuch für Schule und Studium Latein-Deutsch},
	author = {Hau, Rita and Martini, Ursula and Dralle, Anette},
	year = {2012},
	date = {2012},
	publisher = {PONS},
	note = {Citation Key: hau2012}
}

@article{stark2017,
	title = {Probleme evidenzbasierter bzw. -orientierter pädagogischer Praxis},
	author = {Stark, Robin},
	year = {2017},
	month = {04},
	date = {2017-04},
	journal = {Zeitschrift für Pädagogische Psychologie},
	pages = {99--110},
	volume = {31},
	number = {2},
	doi = {10.1024/1010-0652/a000201},
	url = {http://econtent.hogrefe.com/doi/10.1024/1010-0652/a000201}
}

@book{shavelson2002,
	title = {Scientific Research in Education},
	author = {Shavelson, Richard J. and Towne, Lisa},
	year = {2002},
	date = {2002},
	publisher = {National Academies Press},
	note = {Citation Key: shavelson2002},
	address = {Washington},
	langid = {en}
}

@phdthesis{schmidt2024,
	title = {Teachers{\textquoteright} Engagement With Educational Science How to Communicate Findings From Educational Science in a User-Friendly Way to Teachers},
	author = {Schmidt, Kirstin},
	year = {2024},
	date = {2024},
	address = {Karlsruhe},
	langid = {de}
}

@article{renkl2022,
	title = {Meta-analyses as a privileged information source for informing teachers' practice? A plea for theories as primus inter pares},
	author = {Renkl, Alexander},
	year = {2022},
	month = {08},
	date = {2022-08},
	journal = {Zeitschrift für Pädagogische Psychologie},
	pages = {217--231},
	volume = {36},
	number = {4},
	doi = {10.1024/1010-0652/a000345},
	url = {https://econtent.hogrefe.com/doi/10.1024/1010-0652/a000345},
	langid = {en}
}

@book{thorndike1904,
	title = {Theory of mental and social measurements.},
	author = {Thorndike, Edward L.},
	year = {1904},
	date = {1904},
	publisher = {The Science Press},
	doi = {10.1037/13283-000},
	url = {https://content.apa.org/books/13283-000},
	note = {DOI: 10.1037/13283-000
Citation Key: thorndike1904},
	langid = {en}
}

@article{kelly2023,
	title = {Misrepresented Funding Gaps in Data for Some States},
	author = {Kelly, Matthew Gardner and Farrie, Danielle},
	year = {2023},
	month = {05},
	date = {2023-05-01},
	journal = {Educational Researcher},
	pages = {244--247},
	volume = {52},
	number = {4},
	doi = {10.3102/0013189X221133396},
	url = {https://doi.org/10.3102/0013189X221133396},
	note = {Publisher: American Educational Research Association},
	langid = {en}
}

@book{bromme2014b,
  title = {Empirische {{Bildungsforschung}} Und Evidenzbasierte {{Bildungspolitik}}},
  author = {Bromme, Rainer and Prenzel, Manfred and Jäger, Michael},
  date = {2014},
  journaltitle = {Zeitschrift für Erziehungswissenschaft},
  volume = {17},
  number = {S4},
  issn = {1434-663X},
  doi = {10.1007/s11618-014-0514-5},
  url = {http://link.springer.com/10.1007/s11618-014-0514-5},
  isbn = {1-161-80140-5},
  pagetotal = {3-54},
  file = {/Users/samuelmerk/Zotero/storage/XDUM8AAI/Bromme et al_2014_Empirische Bildungsforschung und evidenzbasierte Bildungspolitik.pdf}
}

@article{jones2024,
	title = {Rethinking Evidence-Based Practice in Education: A Critical Literature Review of the {\textquoteleft}What Works{\textquoteright} Approach},
	author = {Jones, Andrew},
	year = {2024},
	month = {06},
	date = {2024-06-30},
	journal = {International Journal of Educational Researchers},
	pages = {37--51},
	volume = {15},
	number = {2},
	doi = {10.29329/ijer.2024.1041.3},
	url = {https://ijer.inased.org/makale/4927},
	note = {Publisher: International Association of Educators
Citation Key: jones2024},
	langid = {tr}
}

@inbook{bellmann2011,
	title = {Evidenzbasierte Pädagogik {\textendash} ein Déjà-vu?},
	author = {Bellmann, Johannes and {Müller}, Thomas},
	editor = {Bellmann, Johannes and {Müller}, Thomas},
	year = {2011},
	date = {2011},
	publisher = {VS Verlag für Sozialwissenschaften},
	pages = {9--32},
	doi = {10.1007/978-3-531-93296-5_1},
	url = {https://doi.org/10.1007/978-3-531-93296-5_1},
	note = {DOI: 10.1007/978-3-531-93296-5{\_}1},
	address = {Wiesbaden},
	langid = {de}
}

@article{biesta2007,
	title = {Why {\textquotedblleft}What Works{\textquotedblright} Won{\textquoteright}t Work: Evidence-Based Practice and the Democratic Deficit in Educational Research},
	author = {Biesta, Gert},
	year = {2007},
	date = {2007},
	journal = {Educational Theory},
	pages = {1--22},
	volume = {57},
	number = {1},
	doi = {10.1111/j.1741-5446.2006.00241.x},
	url = {https://onlinelibrary.wiley.com/doi/abs/10.1111/j.1741-5446.2006.00241.x},
	note = {{\_}eprint: https://onlinelibrary.wiley.com/doi/pdf/10.1111/j.1741-5446.2006.00241.x},
	langid = {en}
}

@article{großophoff2023,
	title = {Do pupils at research-informed schools actually perform better? Findings from a study at English schools},
	author = {{Groß Ophoff}, Jana and Brown, Chris and Helm, Christoph},
	year = {2023},
	month = {01},
	date = {2023-01-04},
	journal = {Frontiers in Education},
	pages = {1011241},
	volume = {7},
	doi = {10.3389/feduc.2022.1011241},
	url = {https://www.frontiersin.org/articles/10.3389/feduc.2022.1011241/full}
}

@article{schmidt2023,
	title = {When perceived informativity is not enough. How teachers perceive and interpret statistical results of educational research},
	author = {Schmidt, Kirstin and Edelsbrunner, Peter A. and Rosman, Tom and Cramer, Colin and Merk, Samuel},
	year = {2023},
	month = {08},
	date = {2023-08},
	journal = {Teaching and Teacher Education},
	pages = {104134},
	volume = {130},
	doi = {10.1016/j.tate.2023.104134},
	url = {https://linkinghub.elsevier.com/retrieve/pii/S0742051X23001221},
	langid = {en}
}

@article{ehlert2024,
	title = {Continuous texts or word lists? Exploring the effects and the process of repeated reading depending on the reading material and students{\textquoteright} reading abilities},
	author = {Ehlert, Mareike and Beck, Jan and {Förster}, Natalie and Souvignier, Elmar},
	year = {2024},
	month = {04},
	date = {2024-04-11},
	journal = {Reading and Writing},
	doi = {10.1007/s11145-024-10536-5},
	url = {https://link.springer.com/10.1007/s11145-024-10536-5},
	note = {Citation Key: ehlert2024},
	langid = {en}
}

@article{michal2024,
	title = {A Practical Significance Bias in Laypeople{\textquoteright}s Evaluation of Scientific Findings},
	author = {Michal, Audrey L. and Shah, Priti},
	year = {2024},
	month = {03},
	date = {2024-03-04},
	journal = {Psychological Science},
	pages = {09567976241231506},
	doi = {10.1177/09567976241231506},
	url = {https://doi.org/10.1177/09567976241231506},
	note = {Publisher: SAGE Publications Inc},
	langid = {en}
}

@article{bohrer2025,
	title = {Zwei Studien, ein Ergebnis: Lehramtsstudierende unterliegen im Umgang mit Evidenz dem Ankereffekt},
	author = {Bohrer, Kristina and Schmidt, Kirstin and Merk, S.},
	year = {2025},
	date = {2025},
	journal = {Zeitschrift für Erziehungswissenschaft},
	note = {Citation Key: bohrer2025
Paralleltitel - Two Studies, one result: Student teachers are biased by anchors when engaging with evidence},
	langid = {de}
}

@article{masnick2009,
	title = {Evaluating scientific research in the context of prior belief: Hindsight bias or confirmation bias?},
	author = {Masnick, Amy M. and Zimmerman, Corinne},
	year = {2009},
	month = {04},
	date = {2009-04-01},
	journal = {Journal of Psychology of Science and Technology},
	pages = {29--36},
	volume = {2},
	number = {1},
	doi = {10.1891/1939-7054.2.1.29},
	langid = {en}
}

@inbook{karst2024,
	title = {Die Etablierung von Evidenzteams in SchuMaS {\textendash} Eine Strategie zur systematischen Nutzung von Daten für die Schul- und Unterrichtsentwicklung},
	author = {Karst, Karina and Yendell, Oscar and Marx, Alexandra and Lettau, Wolf-Dieter and Hawlitschek, Patrick},
	editor = {Maaz, Kai and Marx, Alexandra},
	year = {2024},
	date = {2024},
	publisher = {Waxmann},
	pages = {225--240},
	url = {https://madoc.bib.uni-mannheim.de/67727/},
	note = {Citation Key: karst2024},
	address = {Münster},
	langid = {de}
}

@online{zotero-8935,
  title = {Clearing House Unterricht Academy},
  author = {Clearing House Unterricht Academy},
  date = {2025},
  url = {https://clearinghouse-academy.de/},
  urldate = {2025-01-23},
  langid = {ngerman},
  file = {/Users/samuelmerk/Zotero/storage/YCP9KLSJ/clearinghouse-academy.de.html}
}

@article{merk2020,
  title = {Fostering Aspects of Pre-Service Teachers’ Data Literacy: {{Results}} of a Randomized Controlled Trial},
  shorttitle = {Fostering Aspects of Pre-Service Teachers’ Data Literacy},
  author = {Merk, Samuel and Poindl, Simone and Wurster, Sebastian and Bohl, Thorsten},
  date = {2020-05-01},
  journaltitle = {Teaching and Teacher Education},
  shortjournal = {Teaching and Teacher Education},
  volume = {91},
  pages = {103043},
  issn = {0742-051X},
  doi = {10.1016/j.tate.2020.103043},
  url = {http://www.sciencedirect.com/science/article/pii/S0742051X19309886},
  urldate = {2020-03-04},
  abstract = {The present study reports the results of a randomized controlled trial aimed at fostering specific aspects of pre-service teachers’ data literacy. The 6-h intervention focused on data types, reference norms, scale transformations, graphic displays of the properties of frequency distributions, and judgments about the magnitude of mean differences. Pretest-posttest comparisons of a data literacy test showed a large and significant effect of the intervention. Furthermore, main effects but no significant interaction effects with pretest scores were found for personal and motivational covariates (academic self-concept, value beliefs, study interest) on posttest data literacy.},
  langid = {english},
  keywords = {Data literacy,Data-based decision making,Intervention,Teacher knowledge},
  file = {/Users/samuelmerk/Zotero/storage/KPDBC9IB/Merk et al_2020_Fostering aspects of pre-service teachers’ data literacy.pdf}
}



@article{schildkamp2015,
	title = {Factors influencing the functioning of data teams},
	author = {Schildkamp, K and Poortman, Cindy L.},
	year = {2015},
	date = {2015},
	journal = {Teachers College record},
	pages = {1--42},
	volume = {117},
	number = {4},
	doi = {10.1080/09243453.2016.1256901},
	url = {http://www.tcrecord.org/content.asp?contentid=17851},
	note = {ISBN: 0161-4681}
}

@article{friel2001,
	title = {Making sense of graphs: Critical factors influencing comprehension and instructional implications},
	author = {Friel, Susan N and Curcio, Frances R and Bright, George W},
	year = {2001},
	month = {03},
	date = {2001-03},
	journal = {Journal for Research in Mathematics Education},
	pages = {124},
	volume = {32},
	number = {2},
	doi = {10.2307/749671},
	url = {http://www.jstor.org/stable/749671?origin=crossref},
	note = {PMID: 4202592
ISBN: 0021-8251}
}

@article{neuenschwander2005,
	title = {Forschungskompetenzen in der Lehrerinnen- und Lehrerbildung erweitern: Ein Weiterbildungskonzept},
	author = {Neuenschwander, Markus P.},
	year = {2005},
	month = {08},
	date = {2005-08-01},
	journal = {BzL - Beiträge zur Lehrerinnen- und Lehrerbildung},
	pages = {270--280},
	volume = {23},
	number = {2},
	doi = {10.36950/bzl.23.2.2005.10132},
	url = {https://bop.unibe.ch/BzL/article/view/10132},
	note = {Citation Key: neuenschwander2005},
	langid = {de}
}

@article{schneider2022,
	title = {Do open-science badges increase trust in scientists among undergraduates, scientists, and the public?},
	author = {Schneider, {Jürgen} and Rosman, Tom and Kelava, Augustin and Merk, Samuel},
	year = {2022},
	month = {09},
	date = {2022-09},
	journal = {Psychological Science},
	pages = {1588--1604},
	volume = {33},
	number = {9},
	doi = {10.1177/09567976221097499},
	url = {http://journals.sagepub.com/doi/10.1177/09567976221097499},
	langid = {en}
}

@article{grice2020,
	title = {Persons as Effect Sizes},
	author = {Grice, James W. and Medellin, Eliwid and Jones, Ian and Horvath, Samantha and McDaniel, Hailey and {O{\textquoteright}lansen}, Chance and Baker, Meggie},
	year = {2020},
	month = {12},
	date = {2020-12-01},
	journal = {Advances in Methods and Practices in Psychological Science},
	pages = {443--455},
	volume = {3},
	number = {4},
	doi = {10.1177/2515245920922982},
	url = {https://doi.org/10.1177/2515245920922982},
	note = {Publisher: SAGE Publications Inc},
	langid = {en}
}

@article{hullman2015,
	title = {Hypothetical outcome plots outperform error bars and violin plots for inferences about reliability of variable ordering},
	author = {Hullman, Jessica and Resnick, Paul and Adar, Eytan},
	editor = {Papaleo, Elena},
	year = {2015},
	month = {11},
	date = {2015-11-16},
	journal = {PLOS ONE},
	pages = {e0142444},
	volume = {10},
	number = {11},
	doi = {10.1371/journal.pone.0142444},
	url = {https://dx.plos.org/10.1371/journal.pone.0142444},
	langid = {en}
}

@article{zhang2023,
	title = {An illusion of predictability in scientific results: Even experts confuse inferential uncertainty and outcome variability},
	author = {Zhang, Sam and Heck, Patrick R. and Meyer, Michelle N. and Chabris, Christopher F. and Goldstein, Daniel G. and Hofman, Jake M.},
	year = {2023},
	month = {08},
	date = {2023-08-15},
	journal = {Proceedings of the National Academy of Sciences},
	pages = {e2302491120},
	volume = {120},
	number = {33},
	doi = {10.1073/pnas.2302491120},
	url = {https://www.pnas.org/doi/10.1073/pnas.2302491120},
	note = {Publisher: Proceedings of the National Academy of Sciences}
}

@article{schneider2024,
	title = {Communicating Effect Sizes to Teachers},
	author = {Schneider, {Jürgen} and Schmidt, Kirstin and Bohrer, Kristina and Merk, Samuel},
	year = {2024},
	month = {09},
	date = {2024-09-06},
	journal = {Zeitschrift für Psychologie},
	url = {https://econtent.hogrefe.com/doi/10.1027/2151-2604/a000573},
	note = {Publisher: Hogrefe Publishing
Citation Key: schneider2024},
	langid = {en}
}

@book{döring2016,
	title = {Forschungsmethoden und Evaluation in den Sozial- und Humanwissenschaften},
	author = {{Döring}, Nicola and Bortz, {Jürgen}},
	year = {2016},
	date = {2016},
	publisher = {Springer},
	edition = {5., vollst},
	url = {http://dx.doi.org/10.1007/978-3-642-41089-5},
	address = {Berlin, Heidelberg},
	langid = {ger}
}

@misc{deutschlandfunk.de2023,
	title = {PISA-Studie 2022: Deutschlands Bildung auf tiefstem Niveau},
	author = {deutschlandfunk.de, },
	year = {2023},
	month = {12},
	date = {2023-12-05},
	url = {https://www.deutschlandfunk.de/pisa-studie-2022-102.html},
	note = {Citation Key: deutschlandfunk.de2023},
	langid = {de}
}

@misc{taz.de2023,
	title = {Pisa-Schock für deutsche Schü­le­r:in­nen: Im freien Fall | taz.de},
	author = {taz.de, },
	year = {2023},
	date = {2023},
	url = {https://taz.de/Pisa-Schock-fuer-deutsche-Schuelerinnen/!5974146/},
	note = {Citation Key: taz.de2023}
}

@article{rbb2023,
	title = {Deutsche Schülerinnen und Schüler schneiden bei neuer PISA-Studie so schlecht ab wie nie zuvor},
	author = {RBB, Max Kell},
	year = {2023},
	date = {2023},
	url = {https://www.tagesschau.de/multimedia/video/video-1280422.html},
	note = {Citation Key: rbb2023},
	langid = {de}
}

@misc{volkert2023,
	title = {Jeder dritte 15-Jährige scheitert an leichten Mathe-Aufgaben},
	author = {Volkert, Lilith and Germany, {Süddeutsche de GmbH, Munich}},
	year = {2023},
	month = {12},
	date = {2023-12-05},
	url = {https://www.sueddeutsche.de/projekte/artikel/politik/pisa-studie-schulen-mathe-aufgaben-jugendliche-scheitern-gruende-e206264/},
	note = {Section: Politik
Citation Key: volkert2023},
	langid = {de}
}

@article{kale2020,
	title = {Visual reasoning strategies for effect size judgments and decisions},
	author = {Kale, Alex and Kay, Matthew and Hullman, Jessica},
	year = {2020},
	date = {2020},
	doi = {10.48550/ARXIV.2007.14516},
	url = {https://arxiv.org/abs/2007.14516},
	note = {Publisher: arXiv
Version Number: 3}
}

@book{garnier2023,
	title = {sjmgarnier/viridis: CRAN release v0.6.3},
	author = {Garnier, Simon and Ross, Noam and BoB Rudis,  and Filipovic-Pierucci, Antoine and Galili, Tal and Timelyportfolio,  and {O'Callaghan}, Alan and Greenwell, Brandon and Sievert, Carson and Harris, David J. and Sciaini, Marco and JJ Chen, },
	year = {2023},
	month = {05},
	date = {2023-05-03},
	publisher = {Zenodo},
	doi = {10.5281/ZENODO.4679423},
	url = {https://zenodo.org/record/4679423},
	note = {DOI: 10.5281/ZENODO.4679423
Citation Key: garnier2023}
}

@article{franconeri2021,
	title = {The science of visual data communication: What works},
	author = {Franconeri, Steven L. and Padilla, Lace M. and Shah, Priti and Zacks, Jeffrey M. and Hullman, Jessica},
	year = {2021},
	month = {12},
	date = {2021-12},
	journal = {Psychological Science in the Public Interest},
	pages = {110--161},
	volume = {22},
	number = {3},
	doi = {10.1177/15291006211051956},
	url = {http://journals.sagepub.com/doi/10.1177/15291006211051956},
	langid = {en}
}

@article{brooks2014,
	title = {Are common language effect sizes easier to understand than traditional effect sizes?},
	author = {Brooks, Margaret E and Dalal, Dev K and Nolan, Kevin P},
	year = {2014},
	date = {2014},
	journal = {Journal of Applied Psychology},
	pages = {332--340},
	volume = {99},
	number = {2},
	doi = {10.1037/a0034745},
	note = {ISBN: 1939-1854(Electronic);0021-9010(Print)}
}

@inproceedings{kim2022,
	title = {CHI '22: CHI Conference on Human Factors in Computing Systems},
	author = {Kim, Yea-Seul and Hofman, Jake M and Goldstein, Daniel G},
	year = {2022},
	month = {04},
	date = {2022-04-29},
	publisher = {ACM},
	pages = {1--14},
	doi = {10.1145/3491102.3502053},
	url = {https://dl.acm.org/doi/10.1145/3491102.3502053},
	address = {New Orleans LA USA},
	langid = {en}
}

@article{liu2015,
	title = {zoib: An R Package for Bayesian Inference for Beta Regression and Zero/One Inflated Beta Regression},
	author = {Liu, Fang and Kong, Yunchuan},
	year = {2015},
	date = {2015},
	journal = {The R Journal},
	pages = {34},
	volume = {7},
	number = {2},
	doi = {10.32614/RJ-2015-019},
	url = {https://journal.r-project.org/archive/2015/RJ-2015-019/index.html},
	langid = {en}
}

@book{standevelopmentteam2024,
	title = {Stan Modeling Language Users Guide and Reference Manual},
	author = {Stan Development Team, },
	year = {2024},
	date = {2024},
	url = {https://mc-stan.org}
}

@article{bürkner2017,
	title = {brms: An R Package for Bayesian Multilevel Models Using Stan},
	author = {{Bürkner}, Paul-Christian},
	year = {2017},
	date = {2017},
	journal = {Journal of Statistical Software},
	volume = {80},
	number = {1},
	doi = {10.18637/jss.v080.i01},
	url = {http://www.jstatsoft.org/v80/i01/},
	langid = {en}
}

@article{vehtari2021prefix,
	title = {Rank-Normalization, Folding, and Localization: An Improved Rˆ for Assessing Convergence of MCMC (with Discussion)},
	author = {Vehtari, Aki and Gelman, Andrew and Simpson, Daniel and Carpenter, Bob and {Bürkner}, Paul-Christian},
	year = {2021},
	month = {06},
	date = {2021-06-01},
	journal = {Bayesian Analysis},
	volume = {16},
	number = {2},
	doi = {10.1214/20-BA1221},
	url = {https://projecteuclid.org/journals/bayesian-analysis/volume-16/issue-2/Rank-Normalization-Folding-and-Localization--An-Improved-R%cb%86-for/10.1214/20-BA1221.full},
	langid = {en}
}

@article{frischkorn2023,
	title = {A Tutorial for Estimating Bayesian hierarchical mixture models for visual working memory tasks: Introducing the Bayesian Measurement Modeling (bmm) package for R},
	author = {Frischkorn, Gidon T. and Popov, Vencislav},
	doi = {10.31234/osf.io/umt57}
}
